<?xml version="1.0" encoding="UTF-8"?><record xmlns="http://www.loc.gov/MARC21/slim" xmlns:cinclude="http://apache.org/cocoon/include/1.0" xmlns:zs="http://www.loc.gov/zing/srw/">
  <leader>00400cz  a2200121n  4500</leader>
  <controlfield tag="001">n  84127280 </controlfield>
  <controlfield tag="003">DLC</controlfield>
  <controlfield tag="005">19880810093855.3</controlfield>
  <controlfield tag="008">841102n| acannaab|          |n aaa |||  </controlfield>
  <datafield tag="010" ind1=" " ind2=" ">
    <subfield code="a">n  84127280 </subfield>
    <subfield code="z">n  82250099 </subfield>
  </datafield>
  <datafield tag="040" ind1=" " ind2=" ">
    <subfield code="a">DLC</subfield>
    <subfield code="c">DLC</subfield>
    <subfield code="d">DLC</subfield>
  </datafield>
  <datafield tag="100" ind1="1" ind2="0">
    <subfield code="a">Kurit︠s︡yna, G. A.</subfield>
  </datafield>
  <datafield tag="670" ind1=" " ind2=" ">
    <subfield code="a">Kolchedannye mestorozhdenii︠a︡ zarubezhnykh stran, 1984:</subfield>
    <subfield code="b">verso t.p. (kand. geol.-mineral. nauk G. A. Kurit︠s︡yna)</subfield>
  </datafield>
</record>